@inproceedings{eutxo,
  author    = {Manuel M. T. Chakravarty and
               James Chapman and
               Kenneth MacKenzie and
               Orestis Melkonian and
               Michael Peyton Jones and
               Philip Wadler},
  title     = {The Extended {UTXO} Model},
  booktitle = {Financial Cryptography and Data Security - {FC} 2020 International
               Workshops, AsiaUSEC, CoDeFi, VOTING, and WTSC, Kota Kinabalu, Malaysia,
               February 14, 2020, Revised Selected Papers},
  series    = {LNCS},
  volume    = {12063},
  pages     = {525--539},
  publisher = {Springer},
  year      = {2020}
  doi       = {10.1007/978-3-030-54455-3\_37}
}

@inproceedings{commautomata,
  TITLE = {{Commutative automata networks}},
  AUTHOR = {Bridoux, Florian and Gadouleau, Maximilien and Theyssier, Guillaume},
  URL = {https://hal.archives-ouvertes.fr/hal-02548573},
  BOOKTITLE = {{26th International Workshop on Cellular Automata and Discrete Complex Systems (AUTOMATA)}},
  ADDRESS = {Stockholm, Sweden},
  EDITOR = {Hector Zenil},
  PUBLISHER = {{Springer International Publishing}},
  SERIES = {Cellular Automata and Discrete Complex Systems},
  VOLUME = {LNCS-12286},
  PAGES = {43--58},
  YEAR = {2020},
  MONTH = Aug,
  DOI = {10.1007/978-3-030-61588-8\_4},
  KEYWORDS = {update schedules ; commutativity ; Boolean networks ; Automata networks},
  PDF = {https://hal.archives-ouvertes.fr/hal-02548573/file/commuting_networks.pdf},
  HAL_ID = {hal-02548573},
  HAL_VERSION = {v1},
}

@inproceedings{incremental,
  author    = {Yufei Cai and
               Paolo G. Giarrusso and
               Tillmann Rendel and
               Klaus Ostermann},
  editor    = {Michael F. P. O'Boyle and
               Keshav Pingali},
  title     = {A theory of changes for higher-order languages: incrementalizing {\(\lambda\)}-calculi
               by static differentiation},
  booktitle = {{ACM} {SIGPLAN} Conference on Programming Language Design and Implementation,
               {PLDI} '14, Edinburgh, United Kingdom - June 09 - 11, 2014},
  pages     = {145--155},
  publisher = {{ACM}},
  year      = {2014},
  url       = {https://doi.org/10.1145/2594291.2594304},
  doi       = {10.1145/2594291.2594304},
  timestamp = {Thu, 24 Jun 2021 16:19:30 +0200},
  biburl    = {https://dblp.org/rec/conf/pldi/CaiGRO14.bib},
  bibsource = {dblp computer science bibliography, https://dblp.org}
}

@techreport{alonzo,
title = {A Formal Specification of the {Cardano} Ledger integrating Plutus Core},
author={Polina Vinogradova and Andre Knispel},
note={Available at \url{https://hydra.iohk.io/build/14336115/download/1/alonzo-changes.pdf}},
institution={IOG},
year={2021}
}

@misc{reality,
  doi = {10.48550/ARXIV.2205.01345},
  url = {https://arxiv.org/abs/2205.01345},
  author = {MÃ¼ller, Sebastian and Penzkofer, Andreas and Polyanskii, Nikita and Theis, Jonas and Sanders, William and Moog, Hans},
  keywords = {Distributed, Parallel, and Cluster Computing (cs.DC), FOS: Computer and information sciences, FOS: Computer and information sciences},
  title = {Reality-based UTXO Ledger},
  publisher = {arXiv},
  year = {2022},
  copyright = {arXiv.org perpetual, non-exclusive license}
}

@article{paxos,
  title={Generalized consensus and Paxos},
  author={Lamport, Leslie},
  year={2005}
}
